<record><leader>00000cas a22000007a 4500</leader><controlfield tag="001">57352040</controlfield><controlfield tag="008">041230d18841uuuiluwr ne      0    0eng d</controlfield><datafield ind1=" " ind2=" " tag="010"><subfield code="a">sn2004060906</subfield></datafield><datafield ind1=" " ind2=" " tag="040"><subfield code="a">CVF</subfield><subfield code="b">eng</subfield><subfield code="c">CVF</subfield><subfield code="d">NVF</subfield><subfield code="d">OCLCQ</subfield></datafield><datafield ind1=" " ind2=" " tag="042"><subfield code="a">msc</subfield></datafield><datafield ind1=" " ind2=" " tag="043"><subfield code="a">n-us-il</subfield></datafield><datafield ind1="0" ind2="0" tag="245"><subfield code="a">Tiskilwa tidings.</subfield></datafield><datafield ind1=" " ind2=" " tag="260"><subfield code="a">Tiskilwa, Bureau Co., Ill. :</subfield><subfield code="b">S. Averill, Jr.,</subfield><subfield code="c">1884-</subfield></datafield><datafield ind1=" " ind2=" " tag="300"><subfield code="a">v.</subfield></datafield><datafield ind1=" " ind2=" " tag="310"><subfield code="a">Weekly</subfield></datafield><datafield ind1="0" ind2=" " tag="362"><subfield code="a">Vol. 1, no. 1 (June 20, 1884)-</subfield></datafield><datafield ind1=" " ind2=" " tag="588"><subfield code="a">Latest issue consulted: Vol. 1, no. 1 (June 20, 1884).</subfield></datafield><datafield ind1=" " ind2="4" tag="651"><subfield code="a">Tiskilwa (Ill.)</subfield><subfield code="v">Newspapers.</subfield></datafield><datafield ind1=" " ind2=" " tag="752"><subfield code="a">United States</subfield><subfield code="b">Illinois</subfield><subfield code="c">Bureau</subfield><subfield code="d">Tiskilwa.</subfield></datafield><datafield ind1="1" ind2=" " tag="029"><subfield code="a">AU@</subfield><subfield code="b">000026495732</subfield></datafield></record>